@article{sequenceGenes,
language = {english},
title = {Initial sequencing and analysis of the human genome},
journal = {Nature},
volume = {409},
pages = {860–-921},
year = {2001},	
doi = {https://doi.org/10.1016/j.gene.2016.09.037},
author = {International Human Genome Sequencing Consortium}
}

@book{lykeio,
hyphenation = {greek},
language = {greek},
author = {Kαψάλης, Α. and  Ι.Ε., Μπουρμπουχάκης and Β.,Περάκη  and Σ., Σαλαμαστράκης},
publisher = {Οργανισμός Εκδόσεων Διδακτικών Βιβλίων},
title = {Βιολογία γενικής παιδείας, Β' τάξης γενικού λυκείου},
year = {2016}
}

